@article{Hubel1962Receptive,
  title={Receptive fields, binocular interaction and functional architecture in the cat's visual cortex.},
  author={Hubel, D. H. and Wiesel, T. N.},
  journal={Journal of Physiology},
  volume={160},
  number={1},
  pages={106-154},
  year={1962},
}
@article{姬丽娜2017基于GPU的视频流人群实时计数,
author={姬丽娜 and 陈庆奎 and 陈圆金 and 赵德玉 and 方玉玲 and 赵永涛},
title={基于GPU的视频流人群实时计数},
journal={计算机应用},
year={2017},
volume={37},
number={1},
pages={145-152},
month={2},
langid={chinese},
}